<?xml version="1.0" encoding="UTF-8"?><record xmlns="http://www.loc.gov/MARC21/slim" xmlns:cinclude="http://apache.org/cocoon/include/1.0" xmlns:zs="http://www.loc.gov/zing/srw/">
  <leader>00383nz  a2200133n  4500</leader>
  <controlfield tag="001">n  90694969 </controlfield>
  <controlfield tag="003">DLC</controlfield>
  <controlfield tag="005">19900919084045.3</controlfield>
  <controlfield tag="008">900919n| acannaab|          |n aac |||  </controlfield>
  <datafield tag="010" ind1=" " ind2=" ">
    <subfield code="a">n  90694969 </subfield>
  </datafield>
  <datafield tag="040" ind1=" " ind2=" ">
    <subfield code="a">DLC</subfield>
    <subfield code="c">DLC</subfield>
  </datafield>
  <datafield tag="100" ind1="1" ind2="0">
    <subfield code="a">Dyer, Leigh,</subfield>
    <subfield code="d">1959-</subfield>
  </datafield>
  <datafield tag="667" ind1=" " ind2=" ">
    <subfield code="a">NLC not consulted.</subfield>
  </datafield>
  <datafield tag="670" ind1=" " ind2=" ">
    <subfield code="a">nuc90-58720: Diversity, 1989</subfield>
    <subfield code="b">(hdg. on CaBVaU rept.: Dyer, Leigh, 1959- ; usage: Leigh Dyer)</subfield>
  </datafield>
</record>